@BOOK{rengier,
	author		= {Rudolf Rengier},
	title		= {Strafrecht Allgemeiner Teil},
	shorttitle	= {Strafrecht~AT},
	year		= 2018,
	address		= {München},
	edition		= 10
}

@COMMENTED{schoenkeschroeder,
	author      = {Adolf Sch{\"o}nke and Horst Schr{\"o}der},
	gender      = {sm},
	title       = {Strafgesetzbuch, Kommentar},
	address     = {München},
	year        = 2019,
	edition     = 30,
	howcited	= 1,
	language    = {german}
}

@COMMENTED{jauernig,
	author		= {Othmar Jauernig},
	gender		= {sm},
	title		= {B{\"u}rgerliches Gesetzbuch},
	address		= {München},
	year		= 2018,
	edition		= 17,
	howcited	= 1,
	langauge	= {german}
}

@COMMENTED{lackner,
	author		= {Karl Lackner and Kristian K{\"u}hl},
	gender		= {sm},
	title		= {Strafgesetzbuch, Kommentar},
	address		= {München},
	year		= 2018,
	edition		= 29,
	howcited	= 1,
	language	= {german}
}

@COMMENTED{kindhaeuserNeumannPaeffgen,
	author		= {Urs Kindh{\"a}user and Ulfrid Neumann and Hans-Ullrich Paeffgen},
	gender		= {sm},
	title		= {Strafgesetzbuch},
	address		= {Baden-Baden},
	year		= 2017,
	edition		= 5,
	howcited	= 1,
	language	= {german}
}

@ARTICLE{esser,
	author		= {Robert Esser and Susanne Bettendorf},
	title		= {"`Muss der Kapitän als Letzter von Bord?"' -- Zur Strafbarkeit von Schiffsführern im Notfall zwischen Rettungspflicht und entschuldigendem Notstand},
	journal		= {NStZ},
	year		= 2012,
	langauge	= {german},
	address		= {München},
	pages		= {233--237}
}

@COMMENTED{beckOKStGB,
	title 		= {Beck'scher Online-Kommentar},
	shortauthor	= {BeckOK-StGB},
	editor		= {Heintschel-Heinegg},
	year		= {01.02.2019},
	edition		= 41,
	howcited	= 1,
	address		= {München},
	language	= {german}
}

@BOOK{wessels,
	title		= {Strafrecht Allgemeiner Teil},
	author		= {Johannes Wessels and Werner Beulke and Helmut Satzger},
	shorttitle	= {StrR AT},
	year		= 2017,
	edition		= 47,
	address		= {Heidelberg},
	langauge	= {german}
}

@BOOK{kindhaeuser,
	title		= {Strafrecht Allgemeiner Teil},
	author		= {Urs Kindh{\"a}user},
	shorttitle	= {StrR AT},
	year		= 2006,
	edition		= 2,
	address		= {Baden-Baden},
	langauge	= {german}
}

@COMMENTED{mueko,
	title		= {M{\"u}nchener Kommentar zum StGB},
	shortauthor	= {M{\"u}Ko},
	address		= {M{\"u}nchen},
	language	= {german},
	year		= 2017,
	edition		= 3,
	editor 		= {Wolfgang Joecks and Klaus Miebach},
	howcited	= 1
}

@BOOK{frister,
	title		= {Strafrecht Allgemeiner Teil},
	author		= {Helmut Frister},
	year		= 2015,
	edition		= 7,
	address 	= {München},
	langauge	= {german}
}

@BOOK{roxin,
	title 		= {Strafrecht Allgemeiner Teil},
	author		= {Claus Roxin},
	volume		= {I},
	language	= {german},
	year		= 2006,
	edition		= 4,
	address		= {München}
}

@COMMENTED{media,
	title		= {Handbuch Multimedia-Recht},
	editor		= {Thomas Hoeren and Ulrich Sieber and Bernd Holznagel},
	year		= 2019,
	edition		= 47,
	address		= {München},
	langauge	= {german},
	howcited	= 1
}

@BOOK{gropp,
	title		= {Strafrecht Allgemeiner Teil},
	author		= {Walter Gropp},
	edition		= 4,
	year		= 2015,
	address		= {Berlin, Heidelberg},
	language	= {german}
}

@BOOK{freund,
	title		= {Strafrecht Allgemeiner Teil},
	author		= {Georg Freund},
	edition		= 2,
	year		= 2009,
	address		= {Berlin, Heidelberg},
	language	= {german}
}

@BOOK{frenz,
	title		= {Recht für Ingenieure},
	author		= {Walter Frenz},
	editor		= {Hans-Jürgen Müggenborg},
	edition		= 2,
	year		= 2016,
	address		= {Berlin, Heidelberg},
	language	= {german}
}

@BOOK{bock,
	title		= {Strafrecht Allgemeiner Teil},
	author		= {Dennis Bock},
	year		= 2018,
	address		= {Berlin, Heidelberg},
	language	= {german}
}